@Manual{citeR,
    title = {R: A Language and Environment for Statistical Computing},
    author = {{R Core Team}},
    organization = {R Foundation for Statistical Computing},
    address = {Vienna, Austria},
    year = {2022},
    url = {https://www.R-project.org/},
  }
  
@Manual{citeODT,
    title = {opendatatoronto: Access the City of Toronto Open Data Portal},
    author = {Sharla Gelfand},
    year = {2022},
    note = {R package version 0.1.5},
    url = {https://CRAN.R-project.org/package=opendatatoronto},
  }

@Article{tidyverse,
    title = {Welcome to the {tidyverse}},
    author = {Hadley Wickham and Mara Averick and Jennifer Bryan and Winston Chang and Lucy D'Agostino McGowan and Romain François and Garrett Grolemund and Alex Hayes and Lionel Henry and Jim Hester and Max Kuhn and Thomas Lin Pedersen and Evan Miller and Stephan Milton Bache and Kirill Müller and Jeroen Ooms and David Robinson and Dana Paige Seidel and Vitalie Spinu and Kohske Takahashi and Davis Vaughan and Claus Wilke and Kara Woo and Hiroaki Yutani},
    year = {2019},
    journal = {Journal of Open Source Software},
    volume = {4},
    number = {43},
    pages = {1686},
    doi = {10.21105/joss.01686},
  }

@Manual{janitor,
    title = {janitor: Simple Tools for Examining and Cleaning Dirty Data},
    author = {Sam Firke},
    year = {2021},
    note = {R package version 2.1.0},
    url = {https://CRAN.R-project.org/package=janitor},
  }

 @Manual{dplyr,
    title = {dplyr: A Grammar of Data Manipulation},
    author = {Hadley Wickham and Romain François and Lionel Henry and Kirill Müller},
    year = {2022},
    note = {R package version 1.0.10},
    url = {https://CRAN.R-project.org/package=dplyr},
  }
  
 @Manual{tidyr,
    title = {tidyr: Tidy Messy Data},
    author = {Hadley Wickham and Maximilian Girlich},
    year = {2022},
    note = {R package version 1.2.1},
    url = {https://CRAN.R-project.org/package=tidyr},
  }

@Manual{MVC,
    title = {Motor Vehicle Collisions involving Killed or Seriously Injured Persons},
    author = {Toronto Police Service},
    year = {2021},
    url = {https://open.toronto.ca/dataset/motor-vehicle-collisions-involving-killed-or-seriously-injured-persons/},
  }

@Manual{PSDP,
    title = {KSI Data},
    author = {Toronto Police Service},
    year = {2023},
    url = {https://data.torontopolice.on.ca/datasets/TorontoPS::ksi/about},
  }
  
@Book{ggplot2,
    author = {Hadley Wickham},
    title = {ggplot2: Elegant Graphics for Data Analysis},
    publisher = {Springer-Verlag New York},
    year = {2016},
    isbn = {978-3-319-24277-4},
    url = {https://ggplot2.tidyverse.org},
  }

@Manual{knitr,
    title = {knitr: A General-Purpose Package for Dynamic Report
    Generation in R},
    author = {Yihui Xie},
    year = {2023},
    note = {R package version 1.42},
    url = {https://yihui.org/knitr/},
  }

@Manual{gov,
    title = {Impaired Driving Laws},
    author = {Government of Canada},
    year = {2022},
    url = {https://www.justice.gc.ca/eng/cj-jp/sidl-rlcfa/},
  }

@Manual{cmaj,
    title = {Changing drinking-and-driving behaviour: the effects of Ontario's administrative driver's licence suspension law},
    author = {CMAJ},
    year = {2000},
    url = {https://www.justice.gc.ca/eng/cj-jp/sidl-rlcfa/},
  }

@Manual{law,
    title = {TORONTO DRUNK DRIVING ACCIDENT LAWYER},
    author = {Preszler Injury Laws},
    year = {2023},
    url = {https://www.preszlerlaw.com/areas-we-serve/toronto-on/car-accident-lawyer/drunk-driving/},
  }
